<?xml version='1.0' encoding='utf-8'?>
<record xmlns="http://www.loc.gov/MARC21/slim" xmlns:xsi="http://www.w3.org/2001/XMLSchema-instance" xsi:schemaLocation="http://www.loc.gov/MARC21/slim http://www.loc.gov/standards/marcxml/schema/MARC21slim.xsd">
  <leader>     npca 22004931a 4500</leader>
  <controlfield tag="005">20030220000000.0</controlfield>
  <controlfield tag="008">940811i19251997miu     |           eng |</controlfield>
  <datafield tag="035" ind1=" " ind2=" ">
    <subfield code="a">(RLIN)MIUV90-A73</subfield>
  </datafield>
  <datafield tag="035" ind1=" " ind2=" ">
    <subfield code="a">(OCoLC)ocm85778370</subfield>
  </datafield>
  <datafield tag="040" ind1=" " ind2=" ">
    <subfield code="a">MiU-H</subfield>
    <subfield code="c">MiU-H</subfield>
    <subfield code="e">appm</subfield>
    <subfield code="d">MiU</subfield>
  </datafield>
  <datafield tag="100" ind1="1" ind2=" ">
    <subfield code="a">Katz, Daniel,</subfield>
    <subfield code="d">1903-1998.</subfield>
  </datafield>
  <datafield tag="245" ind1="0" ind2="0">
    <subfield code="a">Daniel Katz papers,</subfield>
    <subfield code="f">1925-1997.</subfield>
  </datafield>
  <datafield tag="300" ind1=" " ind2=" ">
    <subfield code="a">9 linear ft.</subfield>
  </datafield>
  <datafield tag="545" ind1=" " ind2=" ">
    <subfield code="a">University of Michigan psychology professor. Daniel Katz was a nationally recognized scholar in the fields of social psychology and organizational behavior;</subfield>
    <subfield code="b">he also made major contributions to the study of national attitudes and race relations. He is perhaps best known as the co-author (with Robert Kahn) of The Social Psychology of Organizations, which was published in 1966 and is widely considered to have been a seminal work in the discipline of social psychology.</subfield>
  </datafield>
  <datafield tag="545" ind1=" " ind2=" ">
    <subfield code="b">Before 1928 and 1943, Katz was on the faculty of Princeton University's Psychology Department; he left in 1943 to become the first chairman of the Department of Psychology at Brooklyn College. During the Second World War he served as research director for the Division of Surveys of the Office of War Information, and as a research analyst for the War Department.</subfield>
  </datafield>
  <datafield tag="545" ind1=" " ind2=" ">
    <subfield code="b">Katz and a number of the social scientists he worked with during the war years formed the core of the Institute for Social Research (ISR) at the University of Michigan.</subfield>
  </datafield>
  <datafield tag="545" ind1=" " ind2=" ">
    <subfield code="b">In 1947, Katz became a program director of ISR, where he researched human relations and management practices, including the role of worker participation in decision-making. Simultaneously, Katz became a professor of psychology. With Theodore Newcomb, he was instrumental in developing Michigan's doctoral program in social psychology.</subfield>
  </datafield>
  <datafield tag="545" ind1=" " ind2=" ">
    <subfield code="b">Professor Katz carried out much of his research abroad, visiting Norway as a Fulbright scholar in 1951, and returning as a National Science Foundation Senior Fellow in 1957. As part of "A Study of National Attitudes and Values," Katz worked at the Belgrade Center from 1968 to 1969, where he directed field surveys in four Yugoslav republics. He also worked in Greece during this period, and was visiting professor at the University of Aarhus, Denmark from 1971 to 1972.</subfield>
  </datafield>
  <datafield tag="545" ind1=" " ind2=" ">
    <subfield code="b">Over the course of his career, Katz published numerous articles and co-authored several books. He also edited or served on the editorial board of a variety of journals. Katz was active in several professional organizations, including the American Psychological Association, the Industrial Relations Research Association, the Society for the Psychological Study of Social Issues, and the Organization for Comparative Social Relations. Katz died February 28, 1998.</subfield>
  </datafield>
  <datafield tag="520" ind1=" " ind2=" ">
    <subfield code="a">The Katz papers document his research and teaching activities from 1925 to 1997. The files of correspondence and other materials reflect the major issues and trends in social psychology, from its early development through to its recognition as a discipline. Series in the collection include correspondence, research and surveys, Office of War Information, Teaching, Topical files, and writing and lectures.</subfield>
  </datafield>
  <datafield tag="520" ind1=" " ind2=" ">
    <subfield code="a">Correspondents include Floyd Allport, Herbert H. Hyman, and Richard L. Schanck.</subfield>
  </datafield>
  <datafield tag="500" ind1=" " ind2=" ">
    <subfield code="a">Donor: 5883 and 8715</subfield>
  </datafield>
  <datafield tag="555" ind1="0" ind2=" ">
    <subfield code="a">Finding aid in the library.</subfield>
  </datafield>
  <datafield tag="555" ind1="0" ind2=" ">
    <subfield code="a">Finding aid available via World Wide Web at URL: http://quod.lib.umich.edu/cgi/f/findaid/findaid-idx?c=bhlead&amp;idno=umich-bhl-90190</subfield>
  </datafield>
  <datafield tag="600" ind1="1" ind2="0">
    <subfield code="a">Katz, Daniel,</subfield>
    <subfield code="d">1903-1998.</subfield>
  </datafield>
  <datafield tag="650" ind1=" " ind2="0">
    <subfield code="a">Nationalism.</subfield>
  </datafield>
  <datafield tag="650" ind1=" " ind2="0">
    <subfield code="a">Organizational behavior.</subfield>
  </datafield>
  <datafield tag="650" ind1=" " ind2="0">
    <subfield code="a">Social psychology.</subfield>
  </datafield>
  <datafield tag="610" ind1="2" ind2="0">
    <subfield code="a">University of Michigan.</subfield>
    <subfield code="b">Department of Psychology.</subfield>
  </datafield>
  <datafield tag="610" ind1="2" ind2="0">
    <subfield code="a">University of Michigan.</subfield>
    <subfield code="b">Survey Research Center.</subfield>
  </datafield>
  <datafield tag="610" ind1="2" ind2="0">
    <subfield code="a">University of Michigan</subfield>
    <subfield code="x">Faculty.</subfield>
  </datafield>
  <datafield tag="650" ind1=" " ind2="0">
    <subfield code="a">Public opinion polls.</subfield>
  </datafield>
  <datafield tag="650" ind1=" " ind2="0">
    <subfield code="a">Social surveys.</subfield>
  </datafield>
  <datafield tag="610" ind1="1" ind2="0">
    <subfield code="a">United States.</subfield>
    <subfield code="b">Office of War Information.</subfield>
  </datafield>
  <datafield tag="610" ind1="2" ind2="0">
    <subfield code="a">University of Michigan.</subfield>
    <subfield code="b">Institute for Social Research.</subfield>
  </datafield>
  <datafield tag="700" ind1="1" ind2=" ">
    <subfield code="a">Allport, Floyd Henry,</subfield>
    <subfield code="d">1890-1978.</subfield>
  </datafield>
  <datafield tag="700" ind1="1" ind2=" ">
    <subfield code="a">Hyman, Herbert Hiram,</subfield>
    <subfield code="d">1918-</subfield>
  </datafield>
  <datafield tag="700" ind1="1" ind2=" ">
    <subfield code="a">Schanck, Richard L.</subfield>
    <subfield code="q">(Richard Louis),</subfield>
    <subfield code="d">1902-1964.</subfield>
  </datafield>
  <datafield tag="852" ind1=" " ind2=" ">
    <subfield code="a">Bentley Historical Library,</subfield>
    <subfield code="b">University of Michigan,</subfield>
    <subfield code="c">Ann Arbor, Michigan 481092-113</subfield>
  </datafield>
  <datafield tag="856" ind1="4" ind2="2">
    <subfield code="3">Finding aid:</subfield>
    <subfield code="u">http://quod.lib.umich.edu/cgi/f/findaid/findaid-idx?c=bhlead&amp;idno=umich-bhl-90190</subfield>
  </datafield>
  <datafield tag="998" ind1=" " ind2=" ">
    <subfield code="s">9554</subfield>
  </datafield>
</record>
